@inproceedings{hou2017deep,
  title={Deep feature consistent variational autoencoder},
  author={Hou, Xianxu and Shen, Linlin and Sun, Ke and Qiu, Guoping},
  booktitle={WACV},
  year={2017},
}

@article{stoianov2012,
  title={Emergence of a ‘visual number sense’ in hierarchical generative models},
  author={Stoianov, Ivilin and Zorzi, Marco},
  journal={Nature Neuroscience},
  volume={15},
  number={2},
  pages={194},
  year={2012},
  publisher={Nature Publishing Group}
}

@article{harvey2013topographic,
  title={Topographic representation of numerosity in the human parietal cortex},
  author={Harvey, Ben M and Klein, Barrie P and Petridou, Natalia and Dumoulin, Serge O},
  journal={Science},
  volume={341},
  number={6150},
  pages={1123--1126},
  year={2013},
  publisher={American Association for the Advancement of Science}
}

@article{nieder2016neuronal,
	year = 2016,
	publisher = {Springer Nature},
	volume = {17},
	number = {6},
	pages = {366--382},
	author = {Andreas Nieder},
	title = {The neuronal code for number},
	journal = {Nature Reviews Neuroscience}
}
@article{zhang2016salient,
  title={Salient Object Subitizing},
  author={Zhang, Jianming and Ma, Shugao and Sameki, Mehrnoosh and Sclaroff, Stan and Betke, Margrit and Lin, Zhe and Shen, Xiaohui and Price, Brian and M{\u{e}}ch, Radom{\'\i}r},
  journal={IJCV},
  volume={124},
  number={2},
  pages={169--186},
  year={2017},
  publisher={Kluwer Academic Publishers}
}
